@inbook{MGBCR04,
  author    = {Frank Mittelbach and Michel Goossens and Johannes Braams and David Carlisle and Chris Rowley},
  title     = {{The LATEX Companion}},
  edition   = {2},
  publisher = {Addison-Wesley Professional},
  pages     = {19-32},
  month     = {4},
  year      = {2004},
  isbn      = {978-0-201-36299-2}
}

@inproceedings{RKHT17,
  keywords     = {own},
  author       = {{Reiche}, {Oliver} and {Kobylko}, {Christof} and {Hannig}, {Frank} and {Teich}, {J\"urgen}},
  booktitle    = {Proceedings of the ACM SIGPLAN/SIGBED Conference on Languages, Compilers and Tools for Embedded systems (LCTES)},
  location     = {Barcelona, Spain},
  pages        = {21--30},
  pagetotal    = {10},
  publisher    = {ACM},
  title        = {Auto-vectorization for Image Processing {DSLs}},
  date         = {2017-06-21/2017-06-22},
  isbn         = {978-1-4503-5030-3},
  doi          = {10.1145/3078633.3081039}
}

